<record><leader>00000cas a22000007a 4500</leader><controlfield tag="001">10650753</controlfield><controlfield tag="008">840420d19081911mtuwr ne      0    0eng d</controlfield><datafield ind1=" " ind2=" " tag="010"><subfield code="a">sn 84036057 </subfield></datafield><datafield ind1=" " ind2=" " tag="040"><subfield code="a">MTL</subfield><subfield code="b">eng</subfield><subfield code="c">MTL</subfield><subfield code="d">OCLCQ</subfield></datafield><datafield ind1=" " ind2=" " tag="042"><subfield code="a">msc</subfield></datafield><datafield ind1="0" ind2=" " tag="130"><subfield code="a">Carbon County news (Belfry, Mont.)</subfield></datafield><datafield ind1="1" ind2="4" tag="245"><subfield code="a">The Carbon County news.</subfield></datafield><datafield ind1=" " ind2=" " tag="260"><subfield code="a">Belfry, Mont. :</subfield><subfield code="b">Westgate &amp; Kohl,</subfield><subfield code="c">1908-1911.</subfield></datafield><datafield ind1=" " ind2=" " tag="300"><subfield code="a">3 v. :</subfield><subfield code="b">ill.</subfield></datafield><datafield ind1=" " ind2=" " tag="310"><subfield code="a">Weekly</subfield></datafield><datafield ind1="0" ind2=" " tag="362"><subfield code="a">Vol. 1, no. 25 (Sept. 3, 1908)-v. 3, no. 48 (Jan. 26, 1911).</subfield></datafield><datafield ind1=" " ind2=" " tag="500"><subfield code="a">"Dedicated to the interests of Clark's Fork Valley in particular and Carbon County in general."</subfield></datafield><datafield ind1=" " ind2=" " tag="500"><subfield code="a">"Independent," 1908-1910.</subfield></datafield><datafield ind1=" " ind2=" " tag="500"><subfield code="a">"Democratic," 1910-1911.</subfield></datafield><datafield ind1=" " ind2=" " tag="500"><subfield code="a">Publisher varies.</subfield></datafield><datafield ind1=" " ind2=" " tag="752"><subfield code="a">United States</subfield><subfield code="b">Montana</subfield><subfield code="c">Carbon</subfield><subfield code="d">Belfry.</subfield></datafield><datafield ind1="0" ind2="0" tag="780"><subfield code="t">Belfry news</subfield><subfield code="w">(DLC)sn 84036054</subfield></datafield></record>